@internet{lit:loschmidt_constant,
  author   = {Nist},
  title    = {Loschmidt constant},
  url      = {https://physics.nist.gov/cgi-bin/cuu/Value?n0std},
  urlname  = {physics.nist.gov/cgi-bin/cuu/Value?n0std},
  accessed = {20.4.2022}
}

@internet{lit:loschmidt,
  author   = {Chemie Lexikon},
  title    = {Loschmidt-Konstante},
  url      = {https://www.chemie.de/lexikon/Loschmidt-Konstante.html},
  urlname  = {chemie.de/lexikon/Loschmidt-Konstante},
  accessed = {20.4.2022}
}

@book{lit:callen,
  author    = {Herbert B. Callen},
  title     = {Thermodynamics and an Introduction to Thermostatistics},
  publisher = {John Wiley \& Sons},
  address   = {New York},
  year      = {1985}
}

@book{lit:adam_hittmaier,
  author    = {Gerhard Adam and Otto Hittmaier},
  title     = {Wärmetheorie},
  publisher = {Vieweg},
  address   = {Wiesbaden},
  year      = {1992}
}

@book{lit:kittel_kroemer,
  author    = {Charles Kittel and Herbert Kroemer},
  title     = {Thermal Physics},
  publisher = {W.H. Freeman and Company},
  year      = {1980}
}

@book{lit:sommerfeld,
  author    = {Arnold Sommerfeld},
  title     = {Theoretische Physik V: Thermodynamik und Statistik},
  publisher = {Harri Deutsch},
  year      = {1977}
}

@book{lit:schwabl,
  author    = {Franz Schwabl},
  title     = {Statistische Mechanik},
  publisher = {Springer},
  address   = {Berlin},
  year      = {2000}
}

@book{lit:fliessbach,
  author    = {Torsten Fließbach},
  title     = {Statistische Physik - Lehrbuch zur Theoretischen Physik IV},
  publisher = {Springer Spektrum},
  address   = {Berlin},
  year      = {2010}
}

@book{lit:nolting1,
  author    = {Wolfgang Nolting},
  title     = {Grundkurs Theoretische Physik 4/2: Thermodynamik},
  publisher = {Springer Spektrum},
  address   = {Berlin},
  year      = {2016}
}

@book{lit:nolting2,
  author    = {Wolfgang Nolting},
  title     = {Theoretische Physik 6: Statistische Physik},
  publisher = {Springer Spektrum},
  address   = {Berlin},
  year      = {2013}
}

@book{lit:kardar,
  author    = {Mehran Kardar},
  title     = {Statistical Physics of Particles},
  publisher = {Cambridge University Press},
  address   = {Cambridge},
  year      = {2007}
}
